<?xml version="1.0" encoding="UTF-8"?><record xmlns="http://www.loc.gov/MARC21/slim" xmlns:cinclude="http://apache.org/cocoon/include/1.0" xmlns:zs="http://www.loc.gov/zing/srw/">
  <leader>00468nz  a2200145n  4500</leader>
  <controlfield tag="001">no2007027923</controlfield>
  <controlfield tag="003">DLC</controlfield>
  <controlfield tag="005">20070315075213.0</controlfield>
  <controlfield tag="008">070309n| acannaabn          |n aaa     c</controlfield>
  <datafield tag="010" ind1=" " ind2=" ">
    <subfield code="a">no2007027923</subfield>
  </datafield>
  <datafield tag="035" ind1=" " ind2=" ">
    <subfield code="a">(OCoLC)oca07353203</subfield>
  </datafield>
  <datafield tag="040" ind1=" " ind2=" ">
    <subfield code="a">CU-SB</subfield>
    <subfield code="b">eng</subfield>
    <subfield code="c">CU-SB</subfield>
  </datafield>
  <datafield tag="100" ind1="1" ind2=" ">
    <subfield code="a">Chavez, Johnny,</subfield>
    <subfield code="d">1969-</subfield>
  </datafield>
  <datafield tag="670" ind1=" " ind2=" ">
    <subfield code="a">QuinceanĚera, 2006:</subfield>
    <subfield code="b">credits (Johnny Chavez; actor)</subfield>
  </datafield>
  <datafield tag="670" ind1=" " ind2=" ">
    <subfield code="a">Internet movie database, Mar. 9, 2006</subfield>
    <subfield code="b">(Johnny Chavez; actor, b. 5 June 1969, San Diego, Calif.)</subfield>
  </datafield>
</record>